<?xml version="1.0" encoding="UTF-8"?><collection xmlns="http://www.loc.gov/MARC21/slim"><record><leader>00523nam--2200145-i-4500</leader><controlfield tag="001">000036528</controlfield><controlfield tag="002">20161230</controlfield><controlfield tag="005">20161230201041</controlfield><controlfield tag="008">060222s1000------------r-----000-0-eng-d</controlfield><datafield ind1=" " ind2=" " tag="080"><subfield code="a">621.313.39.001.1</subfield></datafield><datafield ind1=" " ind2=" " tag="100"><subfield code="a">Poloujadoff M., Ivanes,M., Sabonnadiere,J.C</subfield></datafield><datafield ind1=" " ind2=" " tag="245"><subfield code="a">Etude des lignes de courant induit dans les moteurs a induction a secondaire ferme par une nappe conductrice</subfield></datafield><datafield ind1=" " ind2=" " tag="260"><subfield code="a">Bucuresti, Cons.Nat.Al Ing.Si Tehn.,1969. 14p</subfield></datafield><datafield ind1=" " ind2=" " tag="490"><subfield code="a">A Doua Conf.A Electricienilor.I.Sectia Masini Electrice</subfield></datafield><datafield ind1=" " ind2=" " tag="852"><subfield code="a">31570</subfield></datafield></record></collection>